@book{Firmware Reverse Engineering and Exploitation,
	author = "Aditya Gupta",
	title = "Firmware Reverse Engineering and Exploitation",
	journal = "Springer Link",
	chapter = "7",
	pages = "139 -- 186"	
}