@article{einstein,
    author =       "Albert Einstein",
    title =        "{Zur Elektrodynamik bewegter K{\"o}rper}. ({German})
        [{On} the electrodynamics of moving bodies]",
    journal =      "Annalen der Physik",
    volume =       "322",
    number =       "10",
    pages =        "891--921",
    year =         "1905",
    DOI =          "http://dx.doi.org/10.1002/andp.19053221004"
}
 
@book{latexcompanion,
    author    = "Michel Goossens and Frank Mittelbach and Alexander Samarin",
    title     = "The \LaTeX\ Companion",
    year      = "1993",
    publisher = "Addison-Wesley",
    address   = "Reading, Massachusetts"
}
 
@online{WinNT,
	author = "MultiMedia LLC",
	title = "MS Windows NT Kernel Description",
	year = "1999",
	url =   "http://web.archive.org/web/20080207010024/http://www.808multimedia.com/winnt/kernel.htm",
	note = "Accessed: 30/09/2010"
}

@online{Stormstout,
	author = "Chen Stormstout",
	title = "Beer-making Blog",
	year = "no date",
	url =   "www.stormstout-brewery.com/process",
	note = "Accessed: 29/10/2018"
}
